@article{havlivcek2019supervised,
  title={Supervised learning with quantum-enhanced feature spaces},
  author={Havl{\'\i}{\v{c}}ek, Vojt{\v{e}}ch and C{\'o}rcoles, Antonio D and Temme, Kristan and Harrow, Aram W and Kandala, Abhinav and Chow, Jerry M and Gambetta, Jay M},
  journal={Nature},
  volume={567},
  number={7747},
  pages={209--212},
  year={2019},
  publisher={Nature Publishing Group}
}


@article{schuld2020circuit,
  title={Circuit-centric quantum classifiers},
  author={Schuld, Maria and Bocharov, Alex and Svore, Krysta M and Wiebe, Nathan},
  journal={Physical Review A},
  volume={101},
  number={3},
  pages={032308},
  year={2020},
  publisher={APS}
}